<?xml version="1.0" encoding="UTF-8"?><collection xmlns="http://www.loc.gov/MARC21/slim"><record><leader>00416nam--2200145-i-4500</leader><controlfield tag="001">000037047</controlfield><controlfield tag="002">20161230</controlfield><controlfield tag="005">20161230201041</controlfield><controlfield tag="008">060222s1000------------r-----000-0-eng-d</controlfield><datafield ind1=" " ind2=" " tag="080"><subfield code="a">681.5.01</subfield></datafield><datafield ind1=" " ind2=" " tag="245"><subfield code="a">Probleme de automatizare</subfield></datafield><datafield ind1=" " ind2=" " tag="260"><subfield code="a">Bucuresti, Ed.Acad.R.S.R., 1961, 259p</subfield></datafield><datafield ind1=" " ind2=" " tag="490"><subfield code="a">Pentru Vol.Ii Vezi: Probleme De Automatizare. A Doua Consfatuire</subfield></datafield><datafield ind1=" " ind2=" " tag="852"><subfield code="a">1854</subfield><subfield code="c">517.5</subfield></datafield><datafield ind1=" " ind2=" " tag="CAT"><subfield code="a">Sys</subfield><subfield code="c">20080801</subfield><subfield code="h">100957</subfield></datafield></record></collection>